@book{CitekeyBook,
  author    = "Aldo Riello",
  title     = "Fourteen Lectures in
CLASSICAL PHYSICS",
  year      = 2023
}